%YAML 1.1
%TAG !u! tag:unity3d.com,2011:
--- !u!1 &159612
GameObject:
  m_ObjectHideFlags: 0
  m_PrefabParentObject: {fileID: 0}
  m_PrefabInternal: {fileID: 100100000}
  serializedVersion: 4
  m_Component:
  - 4: {fileID: 414182}
  - 114: {fileID: 11431832}
  m_Layer: 0
  m_Name: Action
  m_TagString: Untagged
  m_Icon: {fileID: 0}
  m_NavMeshLayer: 0
  m_StaticEditorFlags: 0
  m_IsActive: 1
--- !u!1 &163054
GameObject:
  m_ObjectHideFlags: 0
  m_PrefabParentObject: {fileID: 0}
  m_PrefabInternal: {fileID: 100100000}
  serializedVersion: 4
  m_Component:
  - 4: {fileID: 418994}
  - 33: {fileID: 3349938}
  - 23: {fileID: 2339808}
  - 114: {fileID: 11408000}
  m_Layer: 0
  m_Name: Layer1
  m_TagString: Untagged
  m_Icon: {fileID: 0}
  m_NavMeshLayer: 0
  m_StaticEditorFlags: 0
  m_IsActive: 1
--- !u!4 &414182
Transform:
  m_ObjectHideFlags: 1
  m_PrefabParentObject: {fileID: 0}
  m_PrefabInternal: {fileID: 100100000}
  m_GameObject: {fileID: 159612}
  m_LocalRotation: {x: 0, y: 0, z: 0, w: 1}
  m_LocalPosition: {x: 0, y: 0, z: 0}
  m_LocalScale: {x: 1, y: 1, z: 1}
  m_Children:
  - {fileID: 418994}
  m_Father: {fileID: 0}
  m_RootOrder: 0
--- !u!4 &418994
Transform:
  m_ObjectHideFlags: 1
  m_PrefabParentObject: {fileID: 0}
  m_PrefabInternal: {fileID: 100100000}
  m_GameObject: {fileID: 163054}
  m_LocalRotation: {x: 0, y: 0, z: 0, w: 1}
  m_LocalPosition: {x: 0, y: 0, z: 0}
  m_LocalScale: {x: 1, y: 1, z: 1}
  m_Children: []
  m_Father: {fileID: 414182}
  m_RootOrder: 0
--- !u!23 &2339808
MeshRenderer:
  m_ObjectHideFlags: 1
  m_PrefabParentObject: {fileID: 0}
  m_PrefabInternal: {fileID: 100100000}
  m_GameObject: {fileID: 163054}
  m_Enabled: 1
  m_CastShadows: 1
  m_ReceiveShadows: 1
  m_Materials:
  - {fileID: 0}
  m_SubsetIndices: 
  m_StaticBatchRoot: {fileID: 0}
  m_UseLightProbes: 1
  m_ReflectionProbeUsage: 1
  m_ProbeAnchor: {fileID: 0}
  m_ScaleInLightmap: 1
  m_PreserveUVs: 0
  m_IgnoreNormalsForChartDetection: 0
  m_ImportantGI: 0
  m_MinimumChartSize: 4
  m_AutoUVMaxDistance: 0.5
  m_AutoUVMaxAngle: 89
  m_LightmapParameters: {fileID: 0}
  m_SortingLayerID: 1635252233
  m_SortingOrder: 0
--- !u!33 &3349938
MeshFilter:
  m_ObjectHideFlags: 1
  m_PrefabParentObject: {fileID: 0}
  m_PrefabInternal: {fileID: 100100000}
  m_GameObject: {fileID: 163054}
  m_Mesh: {fileID: 0}
--- !u!114 &11408000
MonoBehaviour:
  m_ObjectHideFlags: 1
  m_PrefabParentObject: {fileID: 0}
  m_PrefabInternal: {fileID: 100100000}
  m_GameObject: {fileID: 163054}
  m_Enabled: 1
  m_EditorHideFlags: 0
  m_Script: {fileID: 11500000, guid: d247ba06193faa74d9335f5481b2b56c, type: 3}
  m_Name: 
  m_EditorClassIdentifier: 
  skeletonDataAsset: {fileID: 11400000, guid: 8d8bd6c0db5224fd4910e4794a7f2907, type: 2}
  initialSkinName: default
  calculateNormals: 0
  calculateTangents: 0
  zSpacing: 0
  renderMeshes: 1
  immutableTriangles: 0
  frontFacing: 0
  logErrors: 0
  submeshSeparators: []
  timeScale: 1
  loop: 0
  _animationName: p_skill3
--- !u!114 &11431832
MonoBehaviour:
  m_ObjectHideFlags: 1
  m_PrefabParentObject: {fileID: 0}
  m_PrefabInternal: {fileID: 100100000}
  m_GameObject: {fileID: 159612}
  m_Enabled: 1
  m_EditorHideFlags: 0
  m_Script: {fileID: 11500000, guid: f434db8ade72f4f81aa97e19bbc43592, type: 3}
  m_Name: 
  m_EditorClassIdentifier: 
  _debugLog: 0
  _unreversibleTransforms: []
  _action1AsynchronousMoveParam:
    _useAngle: 1
    _isExitPostProcess: 1
    _moveType: 1
    _duration: 0.5
    _positionType: 1
    _upperPositionWithParabola: 2
    _upperPosition: 0
    _horizontalEasing: 1
    _verticalEasing: 1
    _verticalInEasing: 8
    _verticalOutEasing: 9
    _sortingLayerSettings:
    - _meshRenderer: {fileID: 2339808}
      _layerName: Default
      _relativeSortingOrder: 0
  _action2AsynchronousMoveParam:
    _useAngle: 1
    _isExitPostProcess: 1
    _moveType: 2
    _duration: 1
    _positionType: 1
    _upperPositionWithParabola: 5
    _upperPosition: 0
    _horizontalEasing: 1
    _verticalEasing: 1
    _verticalInEasing: 1
    _verticalOutEasing: 1
    _sortingLayerSettings:
    - _meshRenderer: {fileID: 2339808}
      _layerName: UI
      _relativeSortingOrder: 0
  _action3AsynchronousMoveParam:
    _useAngle: 1
    _isExitPostProcess: 1
    _moveType: 1
    _duration: 1
    _positionType: 1
    _upperPositionWithParabola: 5
    _upperPosition: 0
    _horizontalEasing: 1
    _verticalEasing: 1
    _verticalInEasing: 17
    _verticalOutEasing: 18
    _sortingLayerSettings:
    - _meshRenderer: {fileID: 2339808}
      _layerName: UI
      _relativeSortingOrder: 0
  _action4AsynchronousMoveParam:
    _useAngle: 1
    _isExitPostProcess: 1
    _moveType: 1
    _duration: 1
    _positionType: 1
    _upperPositionWithParabola: 5
    _upperPosition: 0
    _horizontalEasing: 1
    _verticalEasing: 1
    _verticalInEasing: 1
    _verticalOutEasing: 1
    _sortingLayerSettings: []
  _action5AsynchronousMoveParam:
    _useAngle: 1
    _isExitPostProcess: 1
    _moveType: 1
    _duration: 1
    _positionType: 1
    _upperPositionWithParabola: 5
    _upperPosition: 0
    _horizontalEasing: 1
    _verticalEasing: 1
    _verticalInEasing: 17
    _verticalOutEasing: 18
    _sortingLayerSettings:
    - _meshRenderer: {fileID: 2339808}
      _layerName: Default
      _relativeSortingOrder: 0
--- !u!1001 &100100000
Prefab:
  m_ObjectHideFlags: 1
  serializedVersion: 2
  m_Modification:
    m_TransformParent: {fileID: 0}
    m_Modifications:
    - target: {fileID: 0}
      propertyPath: _unreversibleTransforms.Array.size
      value: 0
      objectReference: {fileID: 0}
    - target: {fileID: 0}
      propertyPath: _action1AsynchronousMoveParam._sortingLayerSettings.Array.size
      value: 1
      objectReference: {fileID: 0}
    - target: {fileID: 0}
      propertyPath: _action5AsynchronousMoveParam._sortingLayerSettings.Array.size
      value: 1
      objectReference: {fileID: 0}
    - target: {fileID: 0}
      propertyPath: _action1AsynchronousMoveParam._verticalInEasing
      value: 8
      objectReference: {fileID: 0}
    - target: {fileID: 0}
      propertyPath: _action1AsynchronousMoveParam._verticalOutEasing
      value: 9
      objectReference: {fileID: 0}
    - target: {fileID: 0}
      propertyPath: _action1AsynchronousMoveParam._sortingLayerSettings.Array.data[0]._meshRenderer
      value: 
      objectReference: {fileID: 2339808}
    - target: {fileID: 0}
      propertyPath: _action5AsynchronousMoveParam._verticalInEasing
      value: 17
      objectReference: {fileID: 0}
    - target: {fileID: 0}
      propertyPath: _action5AsynchronousMoveParam._verticalOutEasing
      value: 18
      objectReference: {fileID: 0}
    - target: {fileID: 0}
      propertyPath: _action5AsynchronousMoveParam._sortingLayerSettings.Array.data[0]._meshRenderer
      value: 
      objectReference: {fileID: 2339808}
    - target: {fileID: 0}
      propertyPath: _action2AsynchronousMoveParam._positionType
      value: 1
      objectReference: {fileID: 0}
    - target: {fileID: 0}
      propertyPath: _action1AsynchronousMoveParam._upperPositionWithParabola
      value: 2
      objectReference: {fileID: 0}
    - target: {fileID: 0}
      propertyPath: _action1AsynchronousMoveParam._horizontalEasing
      value: 1
      objectReference: {fileID: 0}
    - target: {fileID: 0}
      propertyPath: _action1AsynchronousMoveParam._duration
      value: .5
      objectReference: {fileID: 0}
    - target: {fileID: 0}
      propertyPath: _action2AsynchronousMoveParam._moveType
      value: 2
      objectReference: {fileID: 0}
    m_RemovedComponents: []
  m_ParentPrefab: {fileID: 0}
  m_RootGameObject: {fileID: 159612}
  m_IsPrefabParent: 1
