%YAML 1.1
%TAG !u! tag:unity3d.com,2011:
--- !u!1 &112746
GameObject:
  m_ObjectHideFlags: 0
  m_PrefabParentObject: {fileID: 0}
  m_PrefabInternal: {fileID: 100100000}
  serializedVersion: 4
  m_Component:
  - 4: {fileID: 415198}
  - 33: {fileID: 3372678}
  - 23: {fileID: 2364478}
  - 114: {fileID: 11411352}
  - 114: {fileID: 11446070}
  m_Layer: 0
  m_Name: Character
  m_TagString: Untagged
  m_Icon: {fileID: 0}
  m_NavMeshLayer: 0
  m_StaticEditorFlags: 0
  m_IsActive: 1
--- !u!1 &125996
GameObject:
  m_ObjectHideFlags: 0
  m_PrefabParentObject: {fileID: 0}
  m_PrefabInternal: {fileID: 100100000}
  serializedVersion: 4
  m_Component:
  - 4: {fileID: 407544}
  - 114: {fileID: 11428230}
  m_Layer: 0
  m_Name: Arm
  m_TagString: Untagged
  m_Icon: {fileID: 0}
  m_NavMeshLayer: 0
  m_StaticEditorFlags: 0
  m_IsActive: 1
--- !u!1 &166738
GameObject:
  m_ObjectHideFlags: 0
  m_PrefabParentObject: {fileID: 0}
  m_PrefabInternal: {fileID: 100100000}
  serializedVersion: 4
  m_Component:
  - 4: {fileID: 421162}
  - 114: {fileID: 11440066}
  - 114: {fileID: 11468572}
  - 114: {fileID: 11493256}
  - 60: {fileID: 6048916}
  m_Layer: 0
  m_Name: Body
  m_TagString: Untagged
  m_Icon: {fileID: 0}
  m_NavMeshLayer: 0
  m_StaticEditorFlags: 0
  m_IsActive: 1
--- !u!4 &407544
Transform:
  m_ObjectHideFlags: 1
  m_PrefabParentObject: {fileID: 0}
  m_PrefabInternal: {fileID: 100100000}
  m_GameObject: {fileID: 125996}
  m_LocalRotation: {x: 0, y: 0, z: 0, w: 1}
  m_LocalPosition: {x: -6.4560995, y: 4.9968, z: 0}
  m_LocalScale: {x: 1, y: 1, z: 1}
  m_Children: []
  m_Father: {fileID: 415198}
  m_RootOrder: 1
--- !u!4 &415198
Transform:
  m_ObjectHideFlags: 1
  m_PrefabParentObject: {fileID: 0}
  m_PrefabInternal: {fileID: 100100000}
  m_GameObject: {fileID: 112746}
  m_LocalRotation: {x: 0, y: 0, z: 0, w: 1}
  m_LocalPosition: {x: 0, y: 0, z: 0}
  m_LocalScale: {x: 1, y: 1, z: 1}
  m_Children:
  - {fileID: 421162}
  - {fileID: 407544}
  m_Father: {fileID: 0}
  m_RootOrder: 0
--- !u!4 &421162
Transform:
  m_ObjectHideFlags: 1
  m_PrefabParentObject: {fileID: 0}
  m_PrefabInternal: {fileID: 100100000}
  m_GameObject: {fileID: 166738}
  m_LocalRotation: {x: 0, y: 0, z: 0, w: 1}
  m_LocalPosition: {x: 0, y: 3.5528, z: 0}
  m_LocalScale: {x: 1, y: 1, z: 1}
  m_Children: []
  m_Father: {fileID: 415198}
  m_RootOrder: 0
--- !u!23 &2364478
MeshRenderer:
  m_ObjectHideFlags: 1
  m_PrefabParentObject: {fileID: 0}
  m_PrefabInternal: {fileID: 100100000}
  m_GameObject: {fileID: 112746}
  m_Enabled: 1
  m_CastShadows: 1
  m_ReceiveShadows: 1
  m_Materials:
  - {fileID: 2100000, guid: 717c8c6c2504446b58e5fcc7433d84c2, type: 2}
  m_SubsetIndices: 
  m_StaticBatchRoot: {fileID: 0}
  m_UseLightProbes: 1
  m_ReflectionProbeUsage: 1
  m_ProbeAnchor: {fileID: 0}
  m_ScaleInLightmap: 1
  m_PreserveUVs: 0
  m_IgnoreNormalsForChartDetection: 0
  m_ImportantGI: 0
  m_MinimumChartSize: 4
  m_AutoUVMaxDistance: 0.5
  m_AutoUVMaxAngle: 89
  m_LightmapParameters: {fileID: 0}
  m_SortingLayerID: 0
  m_SortingOrder: 10
--- !u!33 &3372678
MeshFilter:
  m_ObjectHideFlags: 1
  m_PrefabParentObject: {fileID: 0}
  m_PrefabInternal: {fileID: 100100000}
  m_GameObject: {fileID: 112746}
  m_Mesh: {fileID: 0}
--- !u!60 &6048916
PolygonCollider2D:
  m_ObjectHideFlags: 1
  m_PrefabParentObject: {fileID: 0}
  m_PrefabInternal: {fileID: 100100000}
  m_GameObject: {fileID: 166738}
  m_Enabled: 1
  m_Density: 1
  m_Material: {fileID: 0}
  m_IsTrigger: 1
  m_UsedByEffector: 0
  m_Offset: {x: 0, y: 0}
  m_Points:
    m_Paths:
    - - {x: -0.6402697, y: 1.8949203}
      - {x: -0.6402697, y: -1.908407}
      - {x: 0.6412089, y: -1.9084064}
      - {x: 0.6412089, y: 1.8949203}
--- !u!114 &11411352
MonoBehaviour:
  m_ObjectHideFlags: 1
  m_PrefabParentObject: {fileID: 0}
  m_PrefabInternal: {fileID: 100100000}
  m_GameObject: {fileID: 112746}
  m_Enabled: 1
  m_EditorHideFlags: 0
  m_Script: {fileID: 11500000, guid: d247ba06193faa74d9335f5481b2b56c, type: 3}
  m_Name: 
  m_EditorClassIdentifier: 
  skeletonDataAsset: {fileID: 11400000, guid: 0fb1d9e4d74724ee8832cc54f94a186d, type: 2}
  initialSkinName: default
  calculateNormals: 0
  calculateTangents: 0
  zSpacing: 0
  renderMeshes: 1
  immutableTriangles: 0
  frontFacing: 0
  logErrors: 0
  submeshSeparators: []
  timeScale: 1
  loop: 0
  _animationName: 
--- !u!114 &11428230
MonoBehaviour:
  m_ObjectHideFlags: 1
  m_PrefabParentObject: {fileID: 0}
  m_PrefabInternal: {fileID: 100100000}
  m_GameObject: {fileID: 125996}
  m_Enabled: 1
  m_EditorHideFlags: 0
  m_Script: {fileID: 11500000, guid: a1fd8daaed7b64148a34acb96ba14ce1, type: 3}
  m_Name: 
  m_EditorClassIdentifier: 
  skeletonRenderer: {fileID: 11411352}
  followZPosition: 1
  followBoneRotation: 1
  boneName: shot_pivot
  resetOnAwake: 1
--- !u!114 &11440066
MonoBehaviour:
  m_ObjectHideFlags: 1
  m_PrefabParentObject: {fileID: 0}
  m_PrefabInternal: {fileID: 100100000}
  m_GameObject: {fileID: 166738}
  m_Enabled: 1
  m_EditorHideFlags: 0
  m_Script: {fileID: 11500000, guid: 0317ee9ba6e1b1e49a030268e026d372, type: 3}
  m_Name: 
  m_EditorClassIdentifier: 
  skeletonRenderer: {fileID: 11411352}
  slotName: damage_area
  use3DMeshCollider: 0
--- !u!114 &11446070
MonoBehaviour:
  m_ObjectHideFlags: 1
  m_PrefabParentObject: {fileID: 0}
  m_PrefabInternal: {fileID: 100100000}
  m_GameObject: {fileID: 112746}
  m_Enabled: 1
  m_EditorHideFlags: 0
  m_Script: {fileID: 11500000, guid: 09159644607c14f1591df1a312697c9d, type: 3}
  m_Name: 
  m_EditorClassIdentifier: 
  _debugLog: 0
  _unreversibleTransforms: []
  _debugSkinChangeOff: 0
  _skinSettableSkeletonAnimations: []
  _arm: {fileID: 407544}
  _effectTopLocalY: 0
  _effectFrontLocalX: 0
  _effectScale: 1
  _centerPositionsForUIWithStory:
  - {x: -4, y: 3}
  _centerPositionForUIWithResult: {x: -4, y: 3}
  _scaleForUIWithStory: 0.7
  _scaleForUIWithResult: 0.7
  _effectFrontLocalXType: 1
--- !u!114 &11468572
MonoBehaviour:
  m_ObjectHideFlags: 1
  m_PrefabParentObject: {fileID: 0}
  m_PrefabInternal: {fileID: 100100000}
  m_GameObject: {fileID: 166738}
  m_Enabled: 1
  m_EditorHideFlags: 0
  m_Script: {fileID: 11500000, guid: a1fd8daaed7b64148a34acb96ba14ce1, type: 3}
  m_Name: 
  m_EditorClassIdentifier: 
  skeletonRenderer: {fileID: 11411352}
  followZPosition: 1
  followBoneRotation: 1
  boneName: damage_area
  resetOnAwake: 1
--- !u!114 &11493256
MonoBehaviour:
  m_ObjectHideFlags: 1
  m_PrefabParentObject: {fileID: 0}
  m_PrefabInternal: {fileID: 100100000}
  m_GameObject: {fileID: 166738}
  m_Enabled: 1
  m_EditorHideFlags: 0
  m_Script: {fileID: 11500000, guid: d0da323a986ff48ebae1e5c6412c0709, type: 3}
  m_Name: 
  m_EditorClassIdentifier: 
--- !u!1001 &100100000
Prefab:
  m_ObjectHideFlags: 1
  serializedVersion: 2
  m_Modification:
    m_TransformParent: {fileID: 0}
    m_Modifications:
    - target: {fileID: 0}
      propertyPath: skeletonDataAsset
      value: 
      objectReference: {fileID: 11400000, guid: 0fb1d9e4d74724ee8832cc54f94a186d,
        type: 2}
    - target: {fileID: 0}
      propertyPath: m_IsActive
      value: 0
      objectReference: {fileID: 0}
    - target: {fileID: 0}
      propertyPath: m_Enabled
      value: 1
      objectReference: {fileID: 0}
    - target: {fileID: 0}
      propertyPath: m_SortingLayerID
      value: 783995481
      objectReference: {fileID: 0}
    - target: {fileID: 0}
      propertyPath: _centerPositionForUI.x
      value: -2
      objectReference: {fileID: 0}
    - target: {fileID: 0}
      propertyPath: _centerPositionForUI.y
      value: 4
      objectReference: {fileID: 0}
    m_RemovedComponents: []
  m_ParentPrefab: {fileID: 0}
  m_RootGameObject: {fileID: 112746}
  m_IsPrefabParent: 1
