%YAML 1.1
%TAG !u! tag:unity3d.com,2011:
--- !u!1 &161476
GameObject:
  m_ObjectHideFlags: 0
  m_PrefabParentObject: {fileID: 0}
  m_PrefabInternal: {fileID: 100100000}
  serializedVersion: 4
  m_Component:
  - 4: {fileID: 432100}
  - 114: {fileID: 11428260}
  - 114: {fileID: 11420790}
  - 114: {fileID: 11476952}
  - 60: {fileID: 6021260}
  m_Layer: 0
  m_Name: Body
  m_TagString: Untagged
  m_Icon: {fileID: 0}
  m_NavMeshLayer: 0
  m_StaticEditorFlags: 0
  m_IsActive: 1
--- !u!1 &165384
GameObject:
  m_ObjectHideFlags: 0
  m_PrefabParentObject: {fileID: 0}
  m_PrefabInternal: {fileID: 100100000}
  serializedVersion: 4
  m_Component:
  - 4: {fileID: 442040}
  - 33: {fileID: 3303946}
  - 23: {fileID: 2380638}
  - 114: {fileID: 11425922}
  - 114: {fileID: 11416316}
  m_Layer: 0
  m_Name: Character
  m_TagString: Untagged
  m_Icon: {fileID: 0}
  m_NavMeshLayer: 0
  m_StaticEditorFlags: 0
  m_IsActive: 1
--- !u!4 &432100
Transform:
  m_ObjectHideFlags: 1
  m_PrefabParentObject: {fileID: 0}
  m_PrefabInternal: {fileID: 100100000}
  m_GameObject: {fileID: 161476}
  m_LocalRotation: {x: 0, y: 0, z: 0, w: 1}
  m_LocalPosition: {x: 0, y: 2.28504, z: 0}
  m_LocalScale: {x: 1, y: 1, z: 1}
  m_Children: []
  m_Father: {fileID: 442040}
  m_RootOrder: 0
--- !u!4 &442040
Transform:
  m_ObjectHideFlags: 1
  m_PrefabParentObject: {fileID: 0}
  m_PrefabInternal: {fileID: 100100000}
  m_GameObject: {fileID: 165384}
  m_LocalRotation: {x: 0, y: 0, z: 0, w: 1}
  m_LocalPosition: {x: 0, y: 0, z: 0}
  m_LocalScale: {x: 1, y: 1, z: 1}
  m_Children:
  - {fileID: 432100}
  m_Father: {fileID: 0}
  m_RootOrder: 0
--- !u!23 &2380638
MeshRenderer:
  m_ObjectHideFlags: 1
  m_PrefabParentObject: {fileID: 0}
  m_PrefabInternal: {fileID: 100100000}
  m_GameObject: {fileID: 165384}
  m_Enabled: 1
  m_CastShadows: 1
  m_ReceiveShadows: 1
  m_Materials:
  - {fileID: 2100000, guid: 1ab6657c0644e4fdb98d7aa26f25d2e0, type: 2}
  m_SubsetIndices: 
  m_StaticBatchRoot: {fileID: 0}
  m_UseLightProbes: 1
  m_ReflectionProbeUsage: 1
  m_ProbeAnchor: {fileID: 0}
  m_ScaleInLightmap: 1
  m_PreserveUVs: 0
  m_IgnoreNormalsForChartDetection: 0
  m_ImportantGI: 0
  m_MinimumChartSize: 4
  m_AutoUVMaxDistance: 0.5
  m_AutoUVMaxAngle: 89
  m_LightmapParameters: {fileID: 0}
  m_SortingLayerID: 0
  m_SortingOrder: 0
--- !u!33 &3303946
MeshFilter:
  m_ObjectHideFlags: 1
  m_PrefabParentObject: {fileID: 0}
  m_PrefabInternal: {fileID: 100100000}
  m_GameObject: {fileID: 165384}
  m_Mesh: {fileID: 0}
--- !u!60 &6021260
PolygonCollider2D:
  m_ObjectHideFlags: 1
  m_PrefabParentObject: {fileID: 0}
  m_PrefabInternal: {fileID: 100100000}
  m_GameObject: {fileID: 161476}
  m_Enabled: 1
  m_Density: 1
  m_Material: {fileID: 0}
  m_IsTrigger: 1
  m_UsedByEffector: 0
  m_Offset: {x: 0, y: 0}
  m_Points:
    m_Paths:
    - - {x: -2.12323, y: 3.2376797}
      - {x: -2.1681564, y: -3.1250713}
      - {x: 1.6942934, y: -3.1485827}
      - {x: 1.6935954, y: 3.2826009}
--- !u!114 &11416316
MonoBehaviour:
  m_ObjectHideFlags: 1
  m_PrefabParentObject: {fileID: 0}
  m_PrefabInternal: {fileID: 100100000}
  m_GameObject: {fileID: 165384}
  m_Enabled: 1
  m_EditorHideFlags: 0
  m_Script: {fileID: 11500000, guid: 09159644607c14f1591df1a312697c9d, type: 3}
  m_Name: 
  m_EditorClassIdentifier: 
  _debugLog: 0
  _unreversibleTransforms: []
  _debugSkinChangeOff: 1
  _skinSettableSkeletonAnimations: []
  _arm: {fileID: 0}
  _effectTopLocalY: 0
  _effectFrontLocalX: 0
  _effectScale: 1
  _centerPositionsForUIWithStory:
  - {x: -4, y: 2}
  _centerPositionForUIWithResult: {x: -3.5, y: 2}
  _scaleForUIWithStory: 0.7
  _scaleForUIWithResult: 0.7
  _effectFrontLocalXType: 1
--- !u!114 &11420790
MonoBehaviour:
  m_ObjectHideFlags: 1
  m_PrefabParentObject: {fileID: 0}
  m_PrefabInternal: {fileID: 100100000}
  m_GameObject: {fileID: 161476}
  m_Enabled: 1
  m_EditorHideFlags: 0
  m_Script: {fileID: 11500000, guid: d0da323a986ff48ebae1e5c6412c0709, type: 3}
  m_Name: 
  m_EditorClassIdentifier: 
--- !u!114 &11425922
MonoBehaviour:
  m_ObjectHideFlags: 1
  m_PrefabParentObject: {fileID: 0}
  m_PrefabInternal: {fileID: 100100000}
  m_GameObject: {fileID: 165384}
  m_Enabled: 1
  m_EditorHideFlags: 0
  m_Script: {fileID: 11500000, guid: d247ba06193faa74d9335f5481b2b56c, type: 3}
  m_Name: 
  m_EditorClassIdentifier: 
  skeletonDataAsset: {fileID: 11400000, guid: 287a5757b488b49689df54ff94e3bf8b, type: 2}
  initialSkinName: default
  calculateNormals: 0
  calculateTangents: 0
  zSpacing: 0
  renderMeshes: 1
  immutableTriangles: 0
  frontFacing: 0
  logErrors: 0
  submeshSeparators: []
  timeScale: 1
  loop: 0
  _animationName: 
--- !u!114 &11428260
MonoBehaviour:
  m_ObjectHideFlags: 1
  m_PrefabParentObject: {fileID: 0}
  m_PrefabInternal: {fileID: 100100000}
  m_GameObject: {fileID: 161476}
  m_Enabled: 1
  m_EditorHideFlags: 0
  m_Script: {fileID: 11500000, guid: 0317ee9ba6e1b1e49a030268e026d372, type: 3}
  m_Name: 
  m_EditorClassIdentifier: 
  skeletonRenderer: {fileID: 11425922}
  slotName: damage_area
  use3DMeshCollider: 0
--- !u!114 &11476952
MonoBehaviour:
  m_ObjectHideFlags: 1
  m_PrefabParentObject: {fileID: 0}
  m_PrefabInternal: {fileID: 100100000}
  m_GameObject: {fileID: 161476}
  m_Enabled: 1
  m_EditorHideFlags: 0
  m_Script: {fileID: 11500000, guid: a1fd8daaed7b64148a34acb96ba14ce1, type: 3}
  m_Name: 
  m_EditorClassIdentifier: 
  skeletonRenderer: {fileID: 11425922}
  followZPosition: 1
  followBoneRotation: 1
  boneName: damage_area
  resetOnAwake: 1
--- !u!1001 &100100000
Prefab:
  m_ObjectHideFlags: 1
  serializedVersion: 2
  m_Modification:
    m_TransformParent: {fileID: 0}
    m_Modifications:
    - target: {fileID: 0}
      propertyPath: initialSkinName
      value: step2
      objectReference: {fileID: 0}
    - target: {fileID: 0}
      propertyPath: skeletonDataAsset
      value: 
      objectReference: {fileID: 11400000, guid: 287a5757b488b49689df54ff94e3bf8b,
        type: 2}
    m_RemovedComponents: []
  m_ParentPrefab: {fileID: 0}
  m_RootGameObject: {fileID: 165384}
  m_IsPrefabParent: 1
